<record><leader>00000cas a2200000 a 4500</leader><controlfield tag="001">9502467</controlfield><controlfield tag="008">830512d1834183umiuwr ne      0    0eng  </controlfield><datafield ind1=" " ind2=" " tag="010"><subfield code="a">sn 83016168 </subfield></datafield><datafield ind1=" " ind2=" " tag="040"><subfield code="a">DLC</subfield><subfield code="b">eng</subfield><subfield code="c">DLC</subfield><subfield code="d">MHN</subfield><subfield code="d">OCL</subfield><subfield code="d">OCLCQ</subfield><subfield code="d">OCLCO</subfield><subfield code="d">OCLCF</subfield></datafield><datafield ind1="1" ind2=" " tag="029"><subfield code="a">AU@</subfield><subfield code="b">000002917210</subfield></datafield><datafield ind1=" " ind2=" " tag="042"><subfield code="a">pcc</subfield></datafield><datafield ind1=" " ind2=" " tag="043"><subfield code="a">n-us-mi</subfield></datafield><datafield ind1="0" ind2="0" tag="050"><subfield code="a">Newspaper 8401-X</subfield></datafield><datafield ind1="0" ind2=" " tag="130"><subfield code="a">Watch-tower (Adrian, Mich.)</subfield></datafield><datafield ind1="1" ind2="4" tag="245"><subfield code="a">The Watch-tower.</subfield></datafield><datafield ind1=" " ind2=" " tag="260"><subfield code="a">Adrian, Mich. :</subfield><subfield code="b">R.W. Ingals</subfield></datafield><datafield ind1=" " ind2=" " tag="300"><subfield code="a">v. ;</subfield><subfield code="c">68 cm.</subfield></datafield><datafield ind1=" " ind2=" " tag="310"><subfield code="a">Weekly</subfield></datafield><datafield ind1="1" ind2=" " tag="362"><subfield code="a">Began with Dec. 18? 1834 issue.</subfield><subfield code="z">Cf. McMurtrie, d. Early print. in Mi., 1931.</subfield></datafield><datafield ind1=" " ind2=" " tag="588"><subfield code="a">Description based on: July 8, 1835.</subfield></datafield><datafield ind1=" " ind2="0" tag="651"><subfield code="a">Adrian (Mich.)</subfield><subfield code="v">Newspapers.</subfield></datafield><datafield ind1=" " ind2="0" tag="651"><subfield code="a">Lenawee County (Mich.)</subfield><subfield code="v">Newspapers.</subfield></datafield><datafield ind1=" " ind2="7" tag="655"><subfield code="a">Newspapers.</subfield><subfield code="2">fast</subfield><subfield code="0">(OCoLC)fst01423814</subfield></datafield><datafield ind1=" " ind2="7" tag="651"><subfield code="a">Michigan</subfield><subfield code="z">Adrian.</subfield><subfield code="2">fast</subfield><subfield code="0">(OCoLC)fst01225781</subfield></datafield><datafield ind1=" " ind2="7" tag="651"><subfield code="a">Michigan</subfield><subfield code="z">Lenawee County.</subfield><subfield code="2">fast</subfield><subfield code="0">(OCoLC)fst01211964</subfield></datafield><datafield ind1=" " ind2=" " tag="752"><subfield code="a">United States</subfield><subfield code="b">Michigan</subfield><subfield code="c">Lenawee</subfield><subfield code="d">Adrian.</subfield></datafield><datafield ind1="0" ind2="0" tag="780"><subfield code="t">Lenawee republican and Adrian gazette</subfield><subfield code="w">(DLC)sn 83016167</subfield><subfield code="w">(OCoLC)9500771</subfield></datafield><datafield ind1="0" ind2="0" tag="785"><subfield code="t">Adrian watch-tower</subfield><subfield code="w">(DLC)sn 83016169</subfield><subfield code="w">(OCoLC)9502515</subfield></datafield></record>